%% Format templates
%% source: https://web.archive.org/web/20240327201247/https://web.mit.edu/rsi/www/pdfs/bibtex-format.pdf

@misc{dummy,
    author = {Crash Dummy},
    title = {On creating a filler bibliography entry},
    howpublished = {Disponible en \url{https://example.com/} (accedido 2024-07-28)}
}
