%% Format templates
%% source: https://web.archive.org/web/20240327201247/https://web.mit.edu/rsi/www/pdfs/bibtex-format.pdf

% Website
@misc{globalforestlink-how-sat-imaging-work,
    author = {Global Forest Link},
    title = {How does satellite imaging work?},
    howpublished = {Disponible en \url{https://globalforestlink.com/how-does-satellite-imaging-work/} (accedido 2024-06-24)}
}

@misc{earthdata-vegetation,
    author = {Earth Data},
    title = {Vegetation},
    howpublished = {Disponible en \url{https://www.earthdata.nasa.gov/learn/find-data/near-real-time/hazards-and-disasters/vegetation} (accedido 2024-06-24)}
}

@misc{onesoil-agricultura-paraguay,
    author = {Catherine Stepanova},
    title = {Ricardo Rodríguez: "Gracias a la aplicación de OneSoil ahorramos USD 100 por hectárea"},
    howpublished = {Disponible en \url{https://blog.onesoil.ai/es/interview-with-ricardo-rodriguez} (accedido 2024-06-24)}
}

@article{wikipedia-paleochannel,
    author = {White, S.M. and Smoak, E. and Leier, A.L. and Wilson, A.M},
    title = {Small Muddy Paleochannels and Implications for Submarine Groundwater Discharge near Charleston, South Carolina, USA. Geosciences},
    volume = {13},
    year = {2023},
    number = {232},
}

@article{conacyt-sistemas-captacion-agua,
    author = {Antero J. N. Cabrera and Wilbert Harder and Deisy P. Bareiro de Thiessen and Emiliano Servín Maldonado and Víctor L. Basabe Ramírez},
    title = {Sistemas de Captación y Almacenamiento de Agua en el
             Chaco Central},
    year = {2021},
    pages = {7},
    url = {https://www.conacyt.gov.py/sites/default/files/upload_editores/u454/MANUAL-SISTEMAS-CAPTACIon-ALMACENAMIENTO-AGUA-CHACO.pdf}
}

@article{axiv-cnn-satellite-imaging,
    author = {Vladimir Iglovikov and Sergey Mushinskiy and Vladimir Osin},
    title = {Satellite Imagery Feature Detection using Deep Convolutional Neural Network: A Kaggle Competition},
    year = {2017},
    month = {6},
    url = {https://arxiv.org/abs/1706.06169}
}
